% Referencias compartidas b√°sicas
@article{han2011data,title={Data Mining: Concepts and Techniques},author={Han, Jiawei and Kamber, Micheline and Pei, Jian},journal={Morgan Kaufmann},year={2011}}
@book{murphy2012ml,title={Machine Learning: A Probabilistic Perspective},author={Murphy, Kevin P},year={2012},publisher={MIT Press}}
